<record><leader>00000cas a22000007a 4500</leader><controlfield tag="001">10269925</controlfield><controlfield tag="008">840106d183418uumeuwr ne      0    0eng d</controlfield><datafield ind1=" " ind2=" " tag="010"><subfield code="a">sn 83021594 </subfield></datafield><datafield ind1=" " ind2=" " tag="040"><subfield code="a">NPX</subfield><subfield code="b">eng</subfield><subfield code="c">NPX</subfield><subfield code="d">OCLCG</subfield><subfield code="d">OCLCQ</subfield><subfield code="d">OCLCO</subfield></datafield><datafield ind1="1" ind2=" " tag="029"><subfield code="a">AU@</subfield><subfield code="b">000025805019</subfield></datafield><datafield ind1=" " ind2=" " tag="042"><subfield code="a">msc</subfield></datafield><datafield ind1=" " ind2=" " tag="043"><subfield code="a">n-us-me</subfield></datafield><datafield ind1="0" ind2="4" tag="245"><subfield code="a">The Jackson mirror and Maine Tory ; or, Office-holders' advocate.</subfield></datafield><datafield ind1="3" ind2="0" tag="246"><subfield code="a">Office-holders' advocate</subfield></datafield><datafield ind1=" " ind2=" " tag="260"><subfield code="a">Portland [Me.] :</subfield><subfield code="b">Bridge, Smith &amp; Haynes,</subfield><subfield code="c">1834-</subfield></datafield><datafield ind1=" " ind2=" " tag="300"><subfield code="a">v. ;</subfield><subfield code="c">34 cm.</subfield></datafield><datafield ind1=" " ind2=" " tag="310"><subfield code="a">Weekly</subfield></datafield><datafield ind1="0" ind2=" " tag="362"><subfield code="a">Vol. 1, no. 1 (Sept. 4, 1834)-</subfield></datafield><datafield ind1=" " ind2="0" tag="650"><subfield code="a">Political satire, American</subfield><subfield code="z">Maine.</subfield></datafield><datafield ind1=" " ind2="0" tag="651"><subfield code="a">United States</subfield><subfield code="x">Politics and government</subfield><subfield code="y">1829-1837</subfield><subfield code="x">Humor.</subfield></datafield><datafield ind1="1" ind2="0" tag="600"><subfield code="a">Jackson, Andrew,</subfield><subfield code="d">1767-1845</subfield><subfield code="x">Cartoons, satire, etc.</subfield></datafield><datafield ind1=" " ind2=" " tag="752"><subfield code="a">United States</subfield><subfield code="b">Maine</subfield><subfield code="c">Cumberland</subfield><subfield code="d">Portland.</subfield></datafield></record>